

@article{intro1,
  title={Does a group velocity larger than c violate relativity?},
  author={Peters, PC},
  journal={American Journal of Physics},
  volume={56},
  number={2},
  pages={129--131},
  year={1988},
  publisher={AAPT}
}
@article{intro2,
	title={Effect of the electric current on the friction and wear properties of the CNT--Ag--G composites},
	author={Yi, Feng and Zhang, Min and Xu, Yi},
	journal={Carbon},
	volume={43},
	number={13},
	pages={2685--2692},
	year={2005},
	publisher={Elsevier}
}
@article{intro3,
	title={Work and energy in the presence of friction: the need for a mesoscopic analysis},
	author={Besson, Ugo},
	journal={European Journal of Physics},
	volume={22},
	number={6},
	pages={613},
	year={2001},
	publisher={IOP Publishing}
}

@article{res3,
	title={Finite element simulation of the wear of polyoxymethylene in pin-on-disc configuration},
	author={Benabdallah, H and Olender, D},
	journal={Wear},
	volume={261},
	number={11},
	pages={1213--1224},
	year={2006},
	publisher={Elsevier}
}

@article{dis1,
	title={Experimental and finite element simulation of wear in nanostructured NiAl coating},
	author={Tavoosi, H and Ziaei-Rad, S and Karimzadeh, F and Akbarzadeh, S},
	journal={Journal of Tribology},
	volume={137},
	number={4},
	pages={041601},
	year={2015},
	publisher={American Society of Mechanical Engineers}
}
@phdthesis{dis3,
	title={Problems Involving a Receding Contact Between a Layer and Half-space},
	author={Tsai, Kung-chow},
	year={1971},
	school={Northwestern Universuty}
}